<record><leader>00000cas a22000007a 4500</leader><controlfield tag="001">1587366</controlfield><controlfield tag="008">750901d18971976mnuwr ne      0    0eng d</controlfield><datafield ind1=" " ind2=" " tag="010"><subfield code="a">sn 89064624 </subfield></datafield><datafield ind1=" " ind2=" " tag="040"><subfield code="a">MUL</subfield><subfield code="b">eng</subfield><subfield code="c">MUL</subfield><subfield code="d">OCL</subfield><subfield code="d">MN#</subfield><subfield code="d">OCLCQ</subfield><subfield code="d">DLC</subfield><subfield code="d">OCLCF</subfield><subfield code="d">OCLCO</subfield></datafield><datafield ind1=" " ind2=" " tag="042"><subfield code="a">msc</subfield></datafield><datafield ind1=" " ind2=" " tag="043"><subfield code="a">n-us-mn</subfield></datafield><datafield ind1=" " ind2=" " tag="052"><subfield code="a">4144</subfield><subfield code="b">W26</subfield></datafield><datafield ind1=" " ind2=" " tag="052"><subfield code="a">4143</subfield><subfield code="b">C3</subfield></datafield><datafield ind1="0" ind2="4" tag="245"><subfield code="a">The Walker pilot.</subfield></datafield><datafield ind1=" " ind2=" " tag="260"><subfield code="a">Walker, Cass Co., Minn. :</subfield><subfield code="b">Albert B. Wood,</subfield><subfield code="c">-1976.</subfield></datafield><datafield ind1=" " ind2=" " tag="300"><subfield code="a">v.</subfield></datafield><datafield ind1=" " ind2=" " tag="310"><subfield code="a">Weekly</subfield></datafield><datafield ind1="1" ind2=" " tag="362"><subfield code="a">Began in May 1897.</subfield></datafield><datafield ind1="0" ind2=" " tag="362"><subfield code="a">-v. 82, no. 4 (May 13, 1976).</subfield></datafield><datafield ind1=" " ind2=" " tag="530"><subfield code="a">Available on microfilm from the Minnesota Historical Society.</subfield></datafield><datafield ind1=" " ind2=" " tag="588"><subfield code="a">Description based on: Vol. 6, no. 44 (Mar. 13, 1903).</subfield></datafield><datafield ind1=" " ind2="0" tag="651"><subfield code="a">Walker (Minn.)</subfield><subfield code="v">Newspapers.</subfield></datafield><datafield ind1=" " ind2="7" tag="655"><subfield code="a">Newspapers.</subfield><subfield code="2">fast</subfield><subfield code="0">(OCoLC)fst01423814</subfield></datafield><datafield ind1=" " ind2="7" tag="651"><subfield code="a">Minnesota</subfield><subfield code="z">Walker.</subfield><subfield code="2">fast</subfield><subfield code="0">(OCoLC)fst01253884</subfield></datafield><datafield ind1=" " ind2=" " tag="752"><subfield code="a">United States</subfield><subfield code="b">Minnesota</subfield><subfield code="c">Cass</subfield><subfield code="d">Walker.</subfield></datafield><datafield ind1="0" ind2="5" tag="780"><subfield code="t">Walker beacon</subfield></datafield><datafield ind1="0" ind2="7" tag="785"><subfield code="t">Cass County independent</subfield><subfield code="w">(DLC)sn 89064611</subfield></datafield><datafield ind1="0" ind2="7" tag="785"><subfield code="t">Pilot-independent</subfield><subfield code="x">2333-3057</subfield><subfield code="w">(DLC)sn 89064625</subfield><subfield code="w">(OCoLC)20770189</subfield></datafield></record>